@article{amodei2016concrete,
  title={Concrete problems in AI safety},
  author={Amodei, Dario and Olah, Chris and Steinhardt, Jacob and Christiano, Paul and Schulman, John and Man{\'e}, Dan},
  journal={arXiv preprint arXiv:1606.06565},
  year={2016}
}

@article{iso201126262,
  title={26262: Road vehicles-Functional safety},
  author={ISO},
  journal={International Standard ISO/FDIS},
  volume={26262},
  year={2011}
}

@book{sutton2018reinforcement,
  title={``Reinforcement learning: An introduction"},
  author={Sutton, Richard S and Barto, Andrew G},
  year={2018},
  publisher={MIT press}
}

@article{kaelbling1996reinforcement,
  title={Reinforcement learning: A survey},
  author={Kaelbling, Leslie Pack and Littman, Michael L and Moore, Andrew W},
  journal={Journal of artificial intelligence research},
  volume={4},
  pages={237--285},
  year={1996}
}

@article{van2017challenges,
  title={Challenges in the Verification of Reinforcement Learning Algorithms},
  author={Van Wesel, Perry and Goodloe, Alwyn E},
  journal={Technical Report, NASA/TM-2017-219628, L-20806, NF1676L-26857},
  year={2017}
}

@article{garcia2015comprehensive,
  title={A comprehensive survey on safe reinforcement learning},
  author={Garc{\i}a, Javier and Fern{\'a}ndez, Fernando},
  journal={Journal of Machine Learning Research},
  volume={16},
  number={1},
  pages={1437--1480},
  year={2015}
}

@article{platzer2008differential,
  title={Differential dynamic logic for hybrid systems},
  author={Platzer, Andr{\'e}},
  journal={Journal of Automated Reasoning},
  volume={41},
  number={2},
  pages={143--189},
  year={2008},
  publisher={Springer}
}

@article{fulton2018safe,
  title={Safe reinforcement learning via formal methods:
   Toward safe control through proof and learning},
  author={Fulton, Nathan and Platzer, Andr{\'e}},
  journal={AAAI Conference on Artificial Intelligence},
  year={2018}
}

@article{akametalu2018minimum,
  title={A minimum discounted reward hamilton-jacobi formulation for computing reachable sets},
  author={Akametalu, Anayo K and Ghosh, Shromona and Fisac, Jaime F and Tomlin, Claire J},
  journal={arXiv preprint arXiv:1809.00706},
  year={2018}
}

@inproceedings{mckinnon2017learning,
author = {Christopher D. McKinnon and Angela P. Schoellig},
title = {Learning multimodal models for robot dynamics online with a mixture of {G}aussian process experts},
booktitle = {{Proc. of the IEEE International Conference on Robotics and Automation (ICRA)}},
year = {2017},
pages = {322--328}
}

@inproceedings{mckinnon2018experience,
author = {Christopher D. McKinnon and Angela P. Schoellig},
title = {Experience Recommendation for Long Term Safe Learning-based Model Predictive Control in Changing Operating Conditions},
booktitle = {{Proc. of the IEEE/RSJ International Conference on Intelligent Robots and Systems (IROS)}},
year = {2018}
}

@inproceedings{ostafew2014learning,
author = {Chris J. Ostafew and Angela P. Schoellig and Timothy D. Barfoot},
title = {Learning-based nonlinear model predictive control to improve vision-based mobile robot path-tracking in challenging outdoor environments},
booktitle = {{Proc. of the IEEE International Conference on Robotics and Automation (ICRA)}},
pages = {4029-4036},
year = {2014}
}

@inproceedings{ostafew2015conservative,
author = {Chris J. Ostafew and Angela P. Schoellig and Timothy D. Barfoot},
title = {Conservative to confident: treating uncertainty robustly within learning-based control},
booktitle = {{Proc. of the IEEE International Conference on Robotics and Automation (ICRA)}},
pages = {421--427},
year = {2015}
}

@inproceedings{ostafew2013visual,
  title={Visual teach and repeat, repeat, repeat: Iterative learning control to improve mobile robot path tracking in challenging outdoor environments},
  author={Ostafew, Chris J and Schoellig, Angela P and Barfoot, Timothy D},
  booktitle={{Proc. of the IEEE/RSJ International Conference on Intelligent Robots and Systems (IROS)}},
  pages={176--181},
  year={2013}
}

@inproceedings{berkenkamp2016safe,
author = {Felix Berkenkamp and Riccardo Moriconi and Angela P. Schoellig and Andreas Krause},
title = {Safe learning of regions of attraction for uncertain, nonlinear systems with {G}aussian processes},
booktitle = {{Proc. of the IEEE Conference on Decision and Control (CDC)}},
year = {2016},
pages = {4661-4666}
}

@inproceedings{berkenkamp2015safe,
author = {Felix Berkenkamp and Angela P. Schoellig},
title = {Safe and robust learning control with {G}aussian processes},
booktitle = {{Proc. of the European Control Conference (ECC)}},
pages = {2501--2506},
year = {2015}
}

@inproceedings{berkenkamp2014learning,
author = {Felix Berkenkamp and Angela P. Schoellig},
title = {Learning-based robust control: guaranteeing stability while improving performance},
booktitle = {{Proc. of the Machine Learning in Planning and Control of Robot Motion Workshop at the IEEE/RSJ International Conference on Intelligent Robots and Systems (IROS)}},
year = {2014}
}

@inproceedings{berkenkamp2016safe,
  title={Safe controller optimization for quadrotors with Gaussian processes},
  author={Berkenkamp, Felix and Schoellig, Angela P and Krause, Andreas},
  booktitle={Robotics and Automation (ICRA), 2016 IEEE International Conference on},
  pages={491--496},
  year={2016},
  organization={IEEE}
}

@inproceedings{berkenkamp2017safe,
  title={Safe model-based reinforcement learning with stability guarantees},
  author={Berkenkamp, Felix and Turchetta, Matteo and Schoellig, Angela and Krause, Andreas},
  booktitle={Advances in Neural Information Processing Systems},
  pages={908--918},
  year={2017}
}

@inproceedings{marco2017virtual,
  title={Virtual vs. real: Trading off simulations and physical experiments in reinforcement learning with Bayesian optimization},
  author={Marco, Alonso and Berkenkamp, Felix and Hennig, Philipp and Schoellig, Angela P and Krause, Andreas and Schaal, Stefan and Trimpe, Sebastian},
  booktitle={Robotics and Automation (ICRA), 2017 IEEE International Conference on},
  pages={1557--1563},
  year={2017},
  organization={IEEE}
}

@inproceedings{akametalu2015temporal,
  title={Temporal-difference learning for online reachability analysis},
  author={Akametalu, Anayo K and Tomlin, Claire J},
  booktitle={Control Conference (ECC), 2015 European},
  pages={2508--2513},
  year={2015},
  organization={IEEE}
}

@inproceedings{akametalu2014reachability,
  title={Reachability-based safe learning with Gaussian processes},
  author={Akametalu, Anayo K and Kaynama, Shahab and Fisac, Jaime F and Zeilinger, Melanie Nicole and Gillula, Jeremy H and Tomlin, Claire J},
  booktitle={CDC},
  pages={1424--1431},
  year={2014},
  organization={Citeseer}
}

@article{aswani2013provably,
  title={Provably safe and robust learning-based model predictive control},
  author={Aswani, Anil and Gonzalez, Humberto and Sastry, S Shankar and Tomlin, Claire},
  journal={Automatica},
  volume={49},
  number={5},
  pages={1216--1226},
  year={2013},
  publisher={Elsevier}
}

@article{subramanian2018combined,
  title={A Combined Multi-stage and Tube-based MPC Scheme for Constrained Linear Systems?},
  author={Subramanian, Sankaranarayanan and Lucia, Sergio and Birjandi, Seyed Ali Baradaran and Paulen, Radoslav and Engell, Sebastian},
  year={2018}
}

@article{zhu2017applying,
  title={Applying Formal Methods to Reinforcement Learning},
  author={ZHU, HE and MAGILL, STEPHEN},
  year={2017}
}

@article{ding2011toward,
  title={Toward reachability-based controller design for hybrid systems in robotics},
  author={Ding, Jerry and Gillula, Jeremy H and Huang, Haomiao and Vitus, Michael P and Zhang, Wei and Tomlin, Claire J},
  journal={IEEE Robotics \& Automation Magazine},
  year={2011},
  publisher={Citeseer}
}

@inproceedings{katz2017reluplex,
  title={Reluplex: An efficient SMT solver for verifying deep neural networks},
  author={Katz, Guy and Barrett, Clark and Dill, David L and Julian, Kyle and Kochenderfer, Mykel J},
  booktitle={International Conference on Computer Aided Verification},
  pages={97--117},
  year={2017},
  organization={Springer}
}

@article{mitsch2016modelplex,
  title={ModelPlex: Verified runtime validation of verified cyber-physical system models},
  author={Mitsch, Stefan and Platzer, Andr{\'e}},
  journal={Formal Methods in System Design},
  volume={49},
  number={1-2},
  pages={33--74},
  year={2016},
  publisher={Springer}
}

@inproceedings{ehlers2017formal,
  title={Formal verification of piece-wise linear feed-forward neural networks},
  author={Ehlers, Ruediger},
  booktitle={International Symposium on Automated Technology for Verification and Analysis},
  pages={269--286},
  year={2017},
  organization={Springer}
}

@book{sommerville2007software,
  title={``Software engineering''},
  author={Sommerville, Ian},
  year={2007},
  publisher={Addison-wesley}
}

@inproceedings{ostafewcrv14,
author = {Chris J. Ostafew and Angela P. Schoellig and Timothy D. Barfoot and J. Collier},
title = {Speed daemon: experience-based mobile robot speed scheduling},
booktitle = {{Proc. of the International Conference on Computer and Robot Vision (CRV)}},
pages = {56-62},
year = {2014}
}