ref.bib 
V1.12 (2007/01/11)
Copyright (c) 2002-2007 by Michael Shell
See: http://www.michaelshell.org/
for current contact information.

This is an example BibTeX database for the official IEEEtran.bst
BibTeX style file.

Some entries call strings that are defined in the IEEEabrv.bib file.
Therefore, IEEEabrv.bib should be loaded prior to this file. 
Usage: 

\bibliographystyle{./IEEEtran}
\bibliography{./IEEEabrv,./IEEEexample}


@article{Mueller2015FusingUR,
  title={Fusing ultra-wideband range measurements with accelerometers and rate gyroscopes for quadrocopter state estimation},
  author={Mark W. Mueller and Michael Hamer and Raffaello D'Andrea},
  journal={2015 IEEE International Conference on Robotics and Automation (ICRA)},
  year={2015},
  pages={1730-1736}
}

@inproceedings{ledergerber2017ultra,
  title={Ultra-wideband range measurement model with Gaussian processes},
  author={Ledergerber, Anton and D'Andrea, Raffaello},
  booktitle={Control Technology and Applications (CCTA), 2017 IEEE Conference on},
  pages={1929--1934},
  year={2017},
  organization={IEEE}
}

@inproceedings{preiss2017crazyswarm,
  title={Crazyswarm: A large nano-quadcopter swarm},
  author={Preiss, James A and Honig, Wolfgang and Sukhatme, Gaurav S and Ayanian, Nora},
  booktitle={Robotics and Automation (ICRA), 2017 IEEE International Conference on},
  pages={3299--3304},
  year={2017},
  organization={IEEE}
}

@article{bloesch2013state,
  title={State estimation for legged robots-consistent fusion of leg kinematics and IMU},
  author={Bloesch, Michael and Hutter, Marco and Hoepflinger, Mark A and Leutenegger, Stefan and Gehring, Christian and Remy, C David and Siegwart, Roland},
  journal={Robotics},
  volume={17},
  pages={17--24},
  year={2013},
  publisher={MIT Press}
}

@article{greiff2017modelling,
  title={Modelling and Control of the Crazyflie Quadrotor for Aggressive and Autonomous Flight by Optical Flow Driven State Estimation},
  author={Greiff, Marcus},
  year={2017}
}


@phdthesis{landry2015planning,
  title={Planning and control for quadrotor flight through cluttered environments},
  author={Landry, Benoit},
  year={2015},
  school={Massachusetts Institute of Technology}
}

@inproceedings{mckinnon2016unscented,
  title={Unscented external force and torque estimation for quadrotors},
  author={McKinnon, Christopher D and Schoellig, Angela P},
  booktitle={Intelligent Robots and Systems (IROS), 2016 IEEE/RSJ International Conference on},
  pages={5651--5657},
  year={2016},
  organization={IEEE}
}

@article{mueller2016covariance,
  title={Covariance correction step for Kalman filtering with an attitude},
  author={Mueller, Mark W and Hehn, Markus and Dâ€™Andrea, Raffaello},
  journal={Journal of Guidance, Control, and Dynamics},
  volume={40},
  number={9},
  pages={2301--2306},
  year={2016},
  publisher={American Institute of Aeronautics and Astronautics}
}


%% for bias noise

@article{el2008analysis,
  title={Analysis and modeling of inertial sensors using Allan variance},
  author={El-Sheimy, Naser and Hou, Haiying and Niu, Xiaoji},
  journal={IEEE Transactions on instrumentation and measurement},
  volume={57},
  number={1},
  pages={140--149},
  year={2008},
  publisher={IEEE}
}


%% swarm
@article{li2017learning,
  title={Learning of coordination policies for robotic swarms},
  author={Li, Qiyang and Du, Xintong and Huang, Yizhou and Sykora, Quinlan and Schoellig, Angela P},
  journal={arXiv preprint arXiv:1709.06620},
  year={2017}
}


@inproceedings{bamford-fragblast12,
author = {Thomas Bamford and Kamran Esmaeili and Angela P. Schoellig},
title = {Evaluation of {UAV} system accuracy for automated fragmentation measurement},
booktitle = {{Proc. of the 12th International Symposium on Rock Fragmentation by Blasting (FRAGBLAST)}},
year = {2018}
}

@article{gonzalez2013using,
  title={Using high resolution UAV thermal imagery to assess the variability in the water status of five fruit tree species within a commercial orchard},
  author={Gonzalez-Dugo, Victoria and Zarco-Tejada, P and Nicol{\'a}s, E and Nortes, Pedro Antonio and Alarc{\'o}n, JJ and Intrigliolo, Diego S and Fereres, E},
  journal={Precision Agriculture},
  volume={14},
  number={6},
  pages={660--678},
  year={2013},
  publisher={Springer}
}

%%% UAV safe
@inproceedings{berkenkamp2016safe,
  title={Safe controller optimization for quadrotors with Gaussian processes},
  author={Berkenkamp, Felix and Schoellig, Angela P and Krause, Andreas},
  booktitle={Robotics and Automation (ICRA), 2016 IEEE International Conference on},
  pages={491--496},
  year={2016},
  organization={IEEE}
}

@article{warren2018there,
  title={There's No Place Like Home: Visual Teach and Repeat for Emergency Return of Multirotor UAVs During GPS Failure},
  author={Warren, Michael and Greeff, Melissa and Patel, Bhavit and Collier, Jack and Schoellig, Angela P and Barfoot, Timothy},
  journal={IEEE Robotics and Automation Letters},
  year={2018},
  publisher={IEEE}
}

%%
@article{luis2018trajectory,
  title={Trajectory Generation for Multiagent Point-To-Point Transitions via Distributed Model Predictive Control},
  author={Luis, Carlos E and Schoellig, Angela P},
  journal={arXiv preprint arXiv:1809.04230},
  year={2018}
}

@article{du2018fast,
  title={Fast and In Sync: Periodic Swarm Patterns for Quadrotors},
  author={Du, Xintong and Luis, Carlos E and Vukosavljev, Marijan and Schoellig, Angela P},
  journal={arXiv preprint arXiv:1810.03572},
  year={2018}
}













